@BOOK{diamb
AUTHOR = "Diretor da DIAMB"
TITLE = "Atribuições da DIAMB"
PUBLISHER = "TCU"
ANDRESS = "Brasília"
YEAR = "2009"}

